% Copyright (c) 2011-2020 Khronos Group, Inc.
%
% This work is licensed under a Creative Commons Attribution 4.0
% International License.
% http://creativecommons.org/licenses/by/4.0/

@manual{opencl12,
  added-at = {2012-11-14},
  author = {{Khronos OpenCL Working Group}},
  title = {{The OpenCL Specification, version 1.2.19}},
  url = {{https://www.khronos.org/registry/OpenCL/specs/opencl-1.2.pdf}},
  year = {2012}
}

@manual{openclext12,
  added-at = {2015-09-22},
  author = {{Khronos OpenCL Working Group}},
  title = {{The OpenCL Extension Specification, version 1.2.22}},
  url = {{http://www.khronos.org/registry/cl/specs/opencl-1.2-extensions.pdf}},
  year = {2012}
}
